
<marc:record><marc:leader>01601nam a2200337Ia 4500</marc:leader>
<marc:controlfield tag="001">56720236</marc:controlfield>
<marc:controlfield tag="003">OCoLC</marc:controlfield><marc:controlfield tag="005">20041013112308.0</marc:controlfield><marc:controlfield tag="006">m        d        </marc:controlfield><marc:controlfield tag="007">cr bn---------</marc:controlfield><marc:controlfield tag="008">041013r20041869miu     s     001 0 eng d</marc:controlfield><marc:datafield tag="040" ind1=" " ind2=" "><marc:subfield code="a">EEM</marc:subfield><marc:subfield code="c">EEM</marc:subfield></marc:datafield><marc:datafield tag="049" ind1=" " ind2=" "><marc:subfield code="a">QEMO</marc:subfield></marc:datafield><marc:datafield tag="090" ind1=" " ind2=" "><marc:subfield code="a">TX145</marc:subfield><marc:subfield code="b">.B415 1869</marc:subfield></marc:datafield><marc:datafield tag="090" ind1=" " ind2=" "><marc:subfield code="a">TX145</marc:subfield><marc:subfield code="b">.B415 1869</marc:subfield></marc:datafield><marc:datafield tag="100" ind1="1" ind2=" "><marc:subfield code="a">Beecher, Catharine Esther,</marc:subfield><marc:subfield code="d">1800-1878.</marc:subfield></marc:datafield><marc:datafield tag="245" ind1="1" ind2="4"><marc:subfield code="a">The American woman's home, or, principles of domestic science</marc:subfield><marc:subfield code="h">[electronic resource]:</marc:subfield><marc:subfield code="b">being a guide to the formation and maintenance of economical, healthful, beautiful, and Christian homes /</marc:subfield><marc:subfield code="c">by Catharine E. Beecher and Harriet Beecher Stowe.</marc:subfield></marc:datafield><marc:datafield tag="246" ind1="3" ind2="0"><marc:subfield code="a">Principles of domestic science.</marc:subfield></marc:datafield><marc:datafield tag="260" ind1=" " ind2=" "><marc:subfield code="a">East Lansing, Mich. :</marc:subfield><marc:subfield code="b">Michigan State University Library Digital &amp; Multimedia Center,</marc:subfield><marc:subfield code="c">2004.</marc:subfield></marc:datafield><marc:datafield tag="300" ind1=" " ind2=" "><marc:subfield code="a">xii, 500 p.</marc:subfield></marc:datafield><marc:datafield tag="500" ind1=" " ind2=" "><marc:subfield code="a">Includes index.</marc:subfield></marc:datafield><marc:datafield tag="500" ind1=" " ind2=" "><marc:subfield code="a">Part of the digital collection, &quot;Feeding America: the Historic American Cookbook Project.&quot;</marc:subfield></marc:datafield><marc:datafield tag="538" ind1=" " ind2=" "><marc:subfield code="a">Mode of access: World Wide Web.</marc:subfield></marc:datafield><marc:datafield tag="516" ind1=" " ind2=" "><marc:subfield code="a">Electronic book in gif, pdf, xml formats.</marc:subfield></marc:datafield><marc:datafield tag="530" ind1=" " ind2=" "><marc:subfield code="a">Also issued in print.</marc:subfield></marc:datafield><marc:datafield tag="534" ind1=" " ind2=" "><marc:subfield code="p">Digital reproduction. Originally published:</marc:subfield><marc:subfield code="c">New York : J.B. Ford &amp; Co., 1869,</marc:subfield></marc:datafield><marc:datafield tag="650" ind1=" " ind2="0"><marc:subfield code="a">Home economics.</marc:subfield></marc:datafield><marc:datafield tag="700" ind1="1" ind2=" "><marc:subfield code="a">Stowe, Harriet Beecher,</marc:subfield><marc:subfield code="d">1811-1896,</marc:subfield><marc:subfield code="e">joint author.</marc:subfield></marc:datafield><marc:datafield tag="710" ind1="2" ind2=" "><marc:subfield code="a">Feeding America: the Historic American Cookbook Project (Digitization project).</marc:subfield></marc:datafield><marc:datafield tag="710" ind1="2" ind2=" "><marc:subfield code="a">Michigan State University.</marc:subfield><marc:subfield code="b">Library.</marc:subfield><marc:subfield code="b">Digital &amp; Multimedia Center.</marc:subfield></marc:datafield><marc:datafield tag="856" ind1="4" ind2="0"><marc:subfield code="z">Connect to online resource - All users</marc:subfield><marc:subfield code="u">http://digital.lib.msu.edu/projects/cookbooks/html/books/book_26.cfm</marc:subfield></marc:datafield></marc:record>