
<marc:record><marc:leader>01608nam a2200325Ia 4500</marc:leader>
<marc:controlfield tag="001">56906530</marc:controlfield>
<marc:controlfield tag="003">OCoLC</marc:controlfield><marc:controlfield tag="005">20041104111258.0</marc:controlfield><marc:controlfield tag="006">m        d        </marc:controlfield><marc:controlfield tag="007">cr -n---------</marc:controlfield><marc:controlfield tag="008">041104r20041832miu     s     000 0 eng d</marc:controlfield><marc:datafield tag="040" ind1=" " ind2=" "><marc:subfield code="a">EEM</marc:subfield><marc:subfield code="c">EEM</marc:subfield></marc:datafield><marc:datafield tag="049" ind1=" " ind2=" "><marc:subfield code="a">QEMO</marc:subfield></marc:datafield><marc:datafield tag="090" ind1=" " ind2=" "><marc:subfield code="a">TX715</marc:subfield><marc:subfield code="b">.L463 1832</marc:subfield></marc:datafield><marc:datafield tag="090" ind1=" " ind2=" "><marc:subfield code="a">TX715</marc:subfield><marc:subfield code="b">.L463 1832</marc:subfield></marc:datafield><marc:datafield tag="100" ind1="1" ind2=" "><marc:subfield code="a">Lee, N. K. M.,</marc:subfield><marc:subfield code="c">Mrs.</marc:subfield></marc:datafield><marc:datafield tag="245" ind1="1" ind2="4"><marc:subfield code="a">The cook's own book</marc:subfield><marc:subfield code="h">[electronic resources] :</marc:subfield><marc:subfield code="b">being a complete culinary encyclopedia ... with numerous original receipts and a complete system of confectionery /</marc:subfield><marc:subfield code="c">by a Boston housekeeper.</marc:subfield></marc:datafield><marc:datafield tag="260" ind1=" " ind2=" "><marc:subfield code="a">East Lansing, Mich. :</marc:subfield><marc:subfield code="b">Michigan State University Library Digital &amp; Multimedia Center,</marc:subfield><marc:subfield code="c">2004.</marc:subfield></marc:datafield><marc:datafield tag="300" ind1=" " ind2=" "><marc:subfield code="a">xxxv, [1], 300 p.</marc:subfield></marc:datafield><marc:datafield tag="538" ind1=" " ind2=" "><marc:subfield code="a">Mode of access: World Wide Web.</marc:subfield></marc:datafield><marc:datafield tag="500" ind1=" " ind2=" "><marc:subfield code="a">Part of the digital collection &quot;Feeding America: the Historic American Cookbook Project.&quot;</marc:subfield></marc:datafield><marc:datafield tag="500" ind1=" " ind2=" "><marc:subfield code="a">Some text in double columns.</marc:subfield></marc:datafield><marc:datafield tag="500" ind1=" " ind2=" "><marc:subfield code="a">Pub. also under titles; The cook's own book and housekeeper's register and Complete library of cookery.</marc:subfield></marc:datafield><marc:datafield tag="516" ind1=" " ind2=" "><marc:subfield code="a">Electronic book in gif, pdf, xml formats.</marc:subfield></marc:datafield><marc:datafield tag="530" ind1=" " ind2=" "><marc:subfield code="a">Also issued in print.</marc:subfield></marc:datafield><marc:datafield tag="534" ind1=" " ind2=" "><marc:subfield code="p">Digital reproduction. Originally published:</marc:subfield><marc:subfield code="c">Boston : Munroe and Francis; New York : Charles E. Francis, and David Felt [etc.], 1832.</marc:subfield></marc:datafield><marc:datafield tag="650" ind1=" " ind2="0"><marc:subfield code="a">Cooking, American.</marc:subfield></marc:datafield><marc:datafield tag="710" ind1="2" ind2=" "><marc:subfield code="a">Feeding America: the Historic American Cookbook Project (Digitization project).</marc:subfield></marc:datafield><marc:datafield tag="710" ind1="2" ind2=" "><marc:subfield code="a">Michigan State University.</marc:subfield><marc:subfield code="b">Library.</marc:subfield><marc:subfield code="b">Digital &amp; Multimedia Center.</marc:subfield></marc:datafield><marc:datafield tag="856" ind1="4" ind2="0"><marc:subfield code="z">Connect to online resource - All users</marc:subfield><marc:subfield code="u">http://digital.lib.msu.edu/projects/cookbooks/html/books/book_08.cfm</marc:subfield></marc:datafield></marc:record>